@article{ marek,
	author=  "M. Waligórski",
	year= "2007",
	title = "Spektroskopia korelacji fluorescencji: symulacje Monte Carlo fluorescencji dyfundujących fluoroforów. Praca magisterska",
	journal = "Uniwersytet im. A.Mickiewicza, Wydział Chemii"
}

@article{Maruyama_1997,
	author = {K. Maruyama}, 
	title = {Connectin, giant elastic protein of muscle.}, 
	volume = {11},  
	pages = {341-345}, 
	year = {1997}, 
	journal = {The FASEB Journal} 
}

@article{parametry,
    address = {Beckman Institute for Advanced Science and Technology, University of Illinois at Urbana-Champaign, Urbana, Illinois 61801, USA.},
    author = {H. Lu and B. Isralewitz and A. Krammer and V. Vogel and K. Schulten},
    issn = {0006-3495},
    journal = {Biophys Journal},
    keywords = {immunoglobin, smd, unfolding},
    pages = {662--671},
    posted-at = {2008-04-01 17:24:50},
    priority = {2},
    title = {Unfolding of titin immunoglobulin domains by steered molecular dynamics simulation.},
    volume = {75},
    year = {1998}
}

@article{Labeit_1995,
	author = {S. Labeit and B. Kolmerer}, 
	title = {Titins: Giant Proteins in Charge of Muscle Ultrastructure and Elasticity}, 
	volume = {270}, 
	pages = {293-296}, 
	year = {1995}, 
	doi = {10.1126/science.270.5234.293}, 
	URL = {http://www.sciencemag.org/content/270/5234/293.abstract}, 
	eprint = {http://www.sciencemag.org/content/270/5234/293.full.pdf}, 
	journal = {Science} 
}

@article{NAMD,
	author = "J. C. Phillips and  R. Braun and  W. Wang and  J. Gumbart and  E. Tajkhorshid and E. Villa and  C. Chipot and  R. D. Skeel and  L. Kale and  K. Schulten",
	title = "Scalable molecular dynamics with NAMD.",
	journal = "Journal of Computational Chemistry",
	volume = "26",
	pages = "1781-1802", 
	year = "2005"
}

@article{NAMD_sux,
	author = {B. Hess and  C. Kutzner and  D. van der Spoel and  E. Lindahl},
	title = {GROMACS 4: Algorithms for Highly Efficient, Load-Balanced, and Scalable Molecular Simulation},
	journal = {Journal of Chemical Theory and Computation},
	volume = {4},
	pages = {435-447},
	year = {2008},
	doi = {10.1021/ct700301q}
}

@article{Tit_I91,
	title = "Immunoglobulin-like modules from titin I-band: extensible components of muscle elasticity",
	journal = "Structure",
	volume = "4",
	pages = "323 - 337",
	year = "1996",
	note = "",
	issn = "0969-2126",
	doi = "DOI: 10.1016/S0969-2126(96)00036-6",
	author = "S. Improta and  A. S. Politou and  A. Pastore"
}

@article{Tit_stru,
	title = "Structural basis for activation of the titin kinase domain during myofibrillogenesis",
	journal = "Nature",
	volume = "395",
	pages = "863 - 869",
	year = "1998",
	note = "",
	issn = "0028-0836",
	author = "O. Mayans and  P. van der Ven and M. Wilm and  A. Mues and  P. Young and D. O. Furst and M. Wilmanns and M. Gautel"
}

@article{Fernandez,
	author ="A. Wiita and R. Perez-Jimenez and K. A. Walther and F. Grater and B. J. Berne and A. Holmgren and J. M. Sanchez-Ruiz and J. M. Fernandez",
	title= "Probing the chemistry of thioredoxin catalysis with force",
	journal= "Nature",
	volume= "450",
	pages = "124 - 127",
	year= "2007"
}

@article{Gromacs_manual,
	author = "D. van der Spoel and E. Lindahl and B. Hess and A. R. van Buuren and E. Apol and P. J. Meulenhoff and D. P. Tieleman and A. L. T. M. Sijbers and K. A. Feenstra and R. van Drunen and H. J. C. Berendsen", 
	title = "Gromacs User Manual version 4.5", 
	journal = "www.gromacs.org",
	year = "V 2011"
}


@article{Carrion-Vazquez30031999,
author = {M. Carrion-Vazquez and  A. F. Oberhauser and  S. B. Fowler and  P. E. Marszalek and S. E. Broedel and J. Clarke and  J. M. Fernandez}, 
title = {Mechanical and chemical unfolding of a single protein: A comparison}, 
volume = {96}, 
pages = {3694-3699}, 
year = {1999}, 
URL = {http://www.pnas.org/content/96/7/3694.abstract}, 
eprint = {http://www.pnas.org/content/96/7/3694.full.pdf+html}, 
journal = {Proceedings of the National Academy of Sciences of the United States of America} 
}

@article{Fisher1999379,
title = "The study of protein mechanics with the atomic force microscope",
journal = "Trends in Biochemical Sciences",
volume = "24",
pages = "379 - 384",
year = "1999",
note = "",
issn = "0968-0004",
doi = "DOI: 10.1016/S0968-0004(99)01453-X",
url = "http://www.sciencedirect.com/science/article/B6TCV-3XH9GJD-4/2/4845e64c65a2f9c2e2c36cef10a443a0",
author = "T. E. Fisher and A. F. Oberhauser and  M. Carrion-Vazquez and P. E. Marszalek and J. M. Fernandez"
}

@article{1tki,
title = "Mechanically Induced Titin Kinase Activation Studied by Force-Probe Molecular Dynamics Simulations",
journal = "Biophysical Journal",
volume = "88",
pages = "790 - 804",
year = "2005",
note = "",
issn = "0006-3495",
doi = "DOI: 10.1529/biophysj.104.052423",
url = "http://www.sciencedirect.com/science/article/B94RW-4TTF6X5-7/2/814f098f33e60089682d8d8997c72c2b",
author = "F. Gräter and  J. Shen and H. Jiang and  M. Gautel and  H. Grubmüller"
}


@misc{Gromacs_tut,
	author = {J. Lemkul},
	howpublished = "\url{http://www.bevanlab.biochem.vt.edu/Pages/Personal/justin/gmx-tutorials/index.html}",
	title = {GROMACS Tutorials},
	year = "V 2011"
}

@misc{gauss,
	author = {S. Harden},
	howpublished = "\url{http://www.swharden.com/blog/2008-11-17-linear-data-smoothing-in-python/}",
	title = {Linear Data Smoothing in Python},
	year = "V 2011"
}

@misc{netpipe,
  title={NetPIPE},
  howpublished = "\url{http://www.scl.ameslab.gov/netpipe/}",
  year = "V 2011"
}


@misc{pdbdb,
  title={RCSB Protein Data Bank},
  howpublished = "\url{http://www.rcsb.org/}",
  year = "V 2011"
}

@misc{WHATIF,
  title={WHATIF internet server},
  howpublished = "\url{http://swift.cmbi.ru.nl}",
  year = "V 2011"
}

@misc{namdtut,
  title={NAMD tutorials},
  howpublished = "\url{http://www.ks.uiuc.edu/Research/namd/}",
  year = "V 2011"
}


@article{Hummer_Szabo_2003, 
title={Kinetics from nonequilibrium single-molecule pulling experiments}, 
volume={85}, 
url={http://linkinghub.elsevier.com/retrieve/pii/S000634950374449X}, 
journal={Biophysical Journal},
 publisher={Elsevier}, 
 author={G. Hummer and  A. Szabo}, 
 year={2003}, 
 pages={5--15}
 }

@article{szul,
title = "Discovery Through the Computational Microscope",
journal = "Structure",
volume = "17",
pages = "1295 - 1306",
year = "2009",
issn = "0969-2126",
author = "E. H. Lee and  J. Hsin and  M. Sotomayor and  G. Comellas and  K. Schulten"
}

@misc{wolfram,
  title={Wolfram Alpha},
  howpublished = "\url{www.wolframalpha.com}",
  year = "V 2011"
}

@misc{lambert,
  title={Definicja, właściwości funkcji Lamberta W},
  howpublished = "\url{http://en.wikipedia.org/wiki/Lambert_W_function}",
  year = "V 2011"
}

@misc{Scipy,
  title={SciPy},
  howpublished = "\url{http://www.scipy.org/}",
  year = "V 2011"
}

@article{carr,
author = {M. Carrion-Vazquez and  A. F. Oberhauser and  S. B. Fowler and  P. E. Marszalek and  S. E. Broedel and  J. Clarke and  J. M. Fernandez}, 
title = {Mechanical and chemical unfolding of a single protein: A comparison}, 
volume = {96}, 
pages = {3694-3699}, 
year = {1999}, 
doi = {10.1073/pnas.96.7.3694},  
eprint = {http://www.pnas.org/content/96/7/3694.full.pdf+html}, 
journal = {Proceedings of the National Academy of Sciences} 
}

@article{mechanoenz,
author = {E. M. Puchner and  A. Alexandrovich and  A. L. Kho and U. Hensen and  L. V. Schäfer and  B. Brandmeier and F. Gräter and H. Grubmüller and H. E. Gaub and M. Gautel}, 
title = {Mechanoenzymatics of titin kinase}, 
volume = {105}, 
pages = {13385-13390}, 
year = {2008}, 
doi = {10.1073/pnas.0805034105},  
URL = {http://www.pnas.org/content/105/36/13385.abstract}, 
eprint = {http://www.pnas.org/content/105/36/13385.full.pdf+html}, 
journal = {Proceedings of the National Academy of Sciences} 
}

@article{Kin_geny,
author = {Lange, Stephan and Xiang, Fengqing and Yakovenko, Andrey and Vihola, Anna and Hackman, Peter and Rostkova, Elena and Kristensen, Jakob and Brandmeier, Birgit and Franzen, Gereon and Hedberg, Birgitta and Gunnarsson, Lars Gunnar and Hughes, Simon M. and Marchand, Sylvie and Sejersen, Thomas and Richard, Isabelle and Edström, Lars and Ehler, Elisabeth and Udd, Bjarne and Gautel, Mathias}, 
title = {The Kinase Domain of Titin Controls Muscle Gene Expression and Protein Turnover}, 
volume = {308},  
pages = {1599-1603}, 
year = {2005},  
journal = {Science} 
}
